% Encoding: UTF-8


@misc{Matrix.org-moderation2020,
author = {Matrix.org-moderation},
booktitle = {matrix.org},
title = {{Moderation in Matrix}},
url = {https://matrix.org/docs/guides/moderation},
urldate = {22.11.2020},
year = {2020}
}
@book{AxelBueckerNileshPatelDirkRahnenfuehrer2012,
author = {{Axel Buecker, Nilesh Patel, Dirk Rahnenfuehrer}, Joris Van Herzele},
publisher = {Redbooks},
title = {{Enterprise Single Sign-On Design Guide}},
year = {2012}
}
@misc{Ballve2014,
author = {Ballve, Marcelo},
booktitle = {businessinsider},
title = {{Messaging Apps Are The Growth Story Of The Decade In Mobile}},
url = {https://www.businessinsider.com/messaging-apps-are-the-growth-story-of-the-decade-in-mobile-computing-chart-2014-6?r=DE{\&}IR=T},
year = {2014}
}
@techreport{Bundesaerztekammer2019,
address = {Berlin},
author = {Bundesaerztekammer},
institution = {Bundesaerztekammer},
title = {{Lehren aus der Corona-Pandemie: {\"{A}}rzteschaft zeigt Perspektiven f{\"{u}}r die Zukunft der Gesundheitsversorgung}},
year = {2019}
}
@techreport{Datenschutzkonferenz2019,
author = {Datenschutzkonferenz, DSK},
pages = {7},
title = {{Technische Datenschutzanforderungen an Messenger-Dienste im Krankenhausbereich}},
url = {https://www.datenschutzkonferenz-online.de/media/oh/20191106{\_}whitepaper{\_}messenger{\_}krankenhaus{\_}dsk.pdf},
year = {2019}
}
@misc{Chishtie2018,
author = {Chishtie, Nad},
booktitle = {Matrix.org},
title = {{Matrix.org-End-to-End-encryption-preview}},
urldate = {21.11.2020},
year = {2018}
}
@article{G.Murphy2010,
author = {{G. Murphy}, Joseph and {F. Dunn}, William},
journal = {Chest},
title = {{Medical Errors and Poor Communication}},
url = {https://journal.chestnet.org/action/showPdf?pii=S0012-3692{\%}2810{\%}2960634-4},
year = {2010}
}
@misc{Giesselmann2018,
author = {Giesselmann, Kathrin},
booktitle = {Deutsches {\"{A}}rzteblatt},
title = {{Siilo: Patientenf{\"{a}}lle ohne Verwechslungsgefahr im Messenger diskutieren}},
urldate = {2020-09-28},
year = {2018}
}
@misc{Github2020,
author = {Github},
title = {{Matrix.org Github}},
urldate = {2020-11-21},
year = {2020}
}
@misc{IBM,
author = {IBM},
booktitle = {ibm.com},
title = {{Getting started with App ID}},
url = {https://cloud.ibm.com/docs/appid?topic=appid-getting-started},
urldate = {22.11.2020}
}
@article{Johnson2005,
author = {Johnson, Rod},
doi = {10.1109/MC.2005.22},
issn = {00189162},
journal = {Computer},
title = {{J2EE development frameworks}},
year = {2005}
}
@misc{Matirx.org-specifications2020,
author = {Matirx.org-specifications},
booktitle = {matrix.org},
title = {{Matirx.org specifications}},
url = {https://matrix.org/docs/spec/},
urldate = {21.11.2020},
year = {2020}
}
@misc{Matrix.org2020,
author = {Matrix.org},
title = {matrix.org},
url = {https://matrix.org/faq/},
urldate = {2020-11-21},
year = {2020}
}
@misc{Matrix.org-custom-policies2020,
author = {Matrix.org-custom-policies},
booktitle = {Github},
title = {{Matrix.org-custom-policies}},
url = {https://github.com/matrix-org/synapse/blob/master/docs/consent{\_}tracking.md},
urldate = {2020-11-22},
year = {2020}
}
@misc{Matrix.org-retentio-policies2020,
author = {Matrix.org-retentio-policies},
booktitle = {Github},
title = {{Message retention policies}},
urldate = {2020-11-22},
year = {2020}
}
@misc{Matrix.org-sso2020,
author = {Matrix.org-sso},
booktitle = {Matrix.org},
title = {{Matrix.org-sso}},
url = {https://matrix.org/docs/guides/sso-for-client-developers},
urldate = {2020-11-22},
year = {2020}
}
@article{Nccgroup2016,
author = {Nccgroup},
title = {{Olm Cryptographic Review Matrix}},
url = {https://www.nccgroup.com/globalassets/our-research/us/public-reports/2016/november/ncc{\_}group{\_}olm{\_}cryptogrpahic{\_}review{\_}2016{\_}11{\_}01.pdf},
year = {2016}
}
@misc{Republique-Francaise2018,
author = {Republique-Francaise},
title = {{Republique Francaise - L'État adopte sa propre messagerie instantanée sécurisée}},
year = {2018}
}
@techreport{Richter2019,
author = {Richter, Felix},
institution = {statista},
title = {{Microsoft Teams Powers Past Slack}},
url = {https://www.statista.com/chart/20028/daily-active-users-of-slack-and-microsoft-teams/},
year = {2019}
}
@inproceedings{Schubert2014,
abstract = {Problemstellung Beim Einsatz von Infrastruktur f{\{}{\"{u}}{\}}r Konzepte des Ambient Assisted Living (AAL) steht die Verarbeitung von Messdaten aller Art im Mittelpunkt. Gleichzeitig erf{\{}{\"{a}}{\}}hrt der Datenschutz im Bereich der Pflege besondere Beachtung: Neben dem allgemeinen Datenschutzrecht nach dem Bundesdatenschutzgesetz (BDSG) verlangt vor allem der Schutz des Patienten-geheimnisses gem{\{}{\"{a}}{\}}{\{}{\ss}{\}} Strafgesetzbuch (StGB) [1] erweiterte Anforderungen an die Erhebung, {\{}{\"{U}}{\}}bertragung und Speiche-rung personenbezogener Daten, namentlich von Gesundheitsdaten, die rechtlich als „besondere Art personenbezogener Daten{\{}"{\}} [2] eingestuft werden. Konsequenterweise ist es erforderlich, beim Aufbau einer AAL-Infrastruktur im Pflege-sektor diese speziellen Anforderungen zu ber{\{}{\"{u}}{\}}cksichtigen. {\{}{\"{U}}{\}}berdies ist in Betracht zu ziehen, dass bei der Ausgestaltung der Infrastruktur ein universeller Einsatz unabh{\{}{\"{a}}{\}}ngig vom konkreten Anwendungsfall erm{\{}{\"{o}}{\}}glicht werden sollte. Diese {\{}{\"{U}}{\}}berlegungen f{\{}{\"{u}}{\}}hren bereits vor der Implementierung zur grundlegenden Frage: Welche durch AAL-Infrastruktur erhebbaren Daten sind rechtlich als „pers{\{}{\"{o}}{\}}nlich{\{}"{\}} - und somit sch{\{}{\"{u}}{\}}tzenswert - ein-zuordnen und mit welchen Schutzmechanismen sind diese zu versehen? Dabei ist diese Frage ist bewusst so allgemeing{\{}{\"{u}}{\}}ltig gestellt, dass ihre Beantwortung eine Grundlage f{\{}{\"{u}}{\}}r die Implemen-tierung von AAL-Infrastruktur unabh{\{}{\"{a}}{\}}ngig von ihrem Anwendungsfall darstellen kann. Abhandlung Im Zuge der durchgef{\{}{\"{u}}{\}}hrten Literaturrecherche konnten die aktuellen Auff{\{}{\"{u}}{\}}hrungen zu den rechtlichen Rahmenbedin-gungen zur technischen Datenerhebung, -verarbeitung und -speicherung im Pflegebereich in zwei kontr{\{}{\"{a}}{\}}re Grundkon-zepte eingeteilt werden. Die eine Seite stellt die Auswirkungen von Rechtsnormen auf konkrete Anwendungsf{\{}{\"{a}}{\}}lle dar und kann somit als Leitfaden f{\{}{\"{u}}{\}}r spezifische Situationen im Pflegalltag angesehen werden. Hierbei werden praktische techni-sche Ans{\{}{\"{a}}{\}}tze aufgezeigt, die aufgrund ihres Fallbezugs allerdings in dieser Form nur bedingt als allgemeing{\{}{\"{u}}{\}}ltig heran-gezogen werden k{\{}{\"{o}}{\}}nnen. Hier finden sich Ans{\{}{\"{a}}{\}}tze wie ein Einwilligungsmanagementsystem zur automatisierten Datenweitergabe [3] oder die Einr{\{}{\"{a}}{\}}umung einer Multimandantenf{\{}{\"{a}}{\}}higkeit entsprechender Patientenverwaltungssysteme [4]. Die andere Seite stellt die Rechtsnormen und ihre Einordnung innerhalb des deutschen Normensystems dar. An dieser Stelle werden umfassend die Ausf{\{}{\"{u}}{\}}hrungen der Gesetzestexte dargestellt und teilweise mit einem allgemeinen Praxisbe-zug versehen. Hierbei findet jedoch generell keine strukturierte Einordnung der Rechtsnormen statt, sondern eine eher lose Auflistung. Teilweise erfolgt diese zielgruppenspezifisch, teilweise wird sie f{\{}{\"{u}}{\}}r den Pflegesektor in seiner Gesamtheit beschrieben. Durch die Einteilung in diese zwei Konzepte konnte eine L{\{}{\"{u}}{\}}cke aufgezeigt werden, die mit einem generalisierten L{\{}{\"{o}}{\}}-sungsansatz gef{\{}{\"{u}}{\}}llt werden soll. Dieser offenbart die Summe der rechtlich als sch{\{}{\"{u}}{\}}tzenswert eingeordneten Daten und stellt dar, welche M{\{}{\"{o}}{\}}glichkeiten wirkungsvoll ihren Schutz bei der Implementierung einer AAL-Infrastruktur gew{\{}{\"{a}}{\}}hr-leisten. In Hinblick auf die Rechtsgrundlagen f{\{}{\"{u}}{\}}r den Datenschutz wird weiterhin in Betracht gezogen, dass sich die ju-ristische Situation ver{\{}{\"{a}}{\}}ndern kann und somit in der Folge eine flexible Gestaltung der technischen Sicherungssysteme erforderlich ist. Diese flexible Gestaltung kann mit dem Einsatz von Pseudonymisierungsverfahren, die vereinzelt in der Literatur bereits als L{\{}{\"{o}}{\}}sungsans{\{}{\"{a}}{\}}tze angedeutet werden [5] [6], optimal gew{\{}{\"{a}}{\}}hrleistet werden. Methodik und Datensatz Basierend auf den Ausf{\{}{\"{u}}{\}}hrungen aktueller praxisnaher Pflegemanagement-Literatur sowie Abhandlungen im Bereich Telemedizin/E-Health wurde zun{\{}{\"{a}}{\}}chst Katalog jener Rechtsnormen erstellt, der f{\{}{\"{u}}{\}}r den Datenschutz im Pflegebereich der Literatur zufolge Ber{\{}{\"{u}}{\}}cksichtigung finden sollten. Diese lie{\{}{\ss}{\}}en sich auf 15 Normen verdichten und thematisch ei-nordnen. Es folgte eine Pr{\{}{\"{u}}{\}}fung ihrer Relevanz f{\{}{\"{u}}{\}}r den Einsatz von AAL-Infrastruktur und die Erstellung eines Anforde-rungskatalogs, der den Umfang der rechtlich sch{\{}{\"{u}}{\}}tzenswerten Daten umfasst. Dieser wurde schlie{\{}{\ss}{\}}lich in einen L{\{}{\"{o}}{\}}-sungsansatz {\{}{\"{u}}{\}}berf{\{}{\"{u}}{\}}hrt, der eine allgemeing{\{}{\"{u}}{\}}ltige Aussagekraft f{\{}{\"{u}}{\}}r die Implementierung von AAL-Infrastruktur besitzt. Ergebnisse/Ausblick Der hier vorgestellte L{\{}{\"{o}}{\}}sungsansatz erm{\{}{\"{o}}{\}}glicht eine praxisrelevante und rechtlich unbedenkliche Absicherung aller technischen Elemente bei der Implementierung einer AAL-Infrastruktur im Bereich der Pflege. Dieser Ansatz dient somit als eine Grundlage f{\{}{\"{u}}{\}}r die Ausgestaltung einer plattformunabh{\{}{\"{a}}{\}}ngigen und universellen AAL-Architektur, die auf einen optimalen Einsatz von Smart-Items-Hardware und -Kommunikationstechnologien sowie (webbasierte) Cloud-Dienste abzielt. Literatur [1] Bundesministerium der Justiz; Strafgesetzbuch, Fassung v. 04.07.2013. [2] Bundesministerium der Justiz; Bundesdatenschutzgesetz, Fassung v. 14.08.2009. [3] M. Birkle; Die kommende Herausforderung an die Klinik IT: Individualisierte Medizin und Einwilligungsmanage-ment; Universit{\{}{\"{a}}{\}}tsklinikum Heidelberg; 2012 [4] H.-J. Menzel; Datenschutz im Gesundheitswesen: Selbstbestimmung hat Vorrang vor dem Effizienzinteresse; Dtsch Arztebl 2011; 108(25): A 1419-23 [5] B. Sch{\{}{\"{u}}{\}}tze; Bundesdatenschutzgesetz: Auswirkungen der Novellierung; Dtsch Arztebl 2009; 106(42), S. 99. [6] J. Pelleter; Organisatorische und institutionelle Herausforderungen bei der Implementierung von Integrierten Ver-sorgungskonzepten am Beispiel der Telemedizin; Schriften zur Gesundheits{\{}{\"{o}}{\}}konomie 20, HERZ, Burgdorf, 2012.},
author = {Schubert, Johannes and Mautsch, Erik and Stantchev, Vladimir and Tamm, Gerrit},
booktitle = {7 Deutscher AAL-Kongress 2014 (AAL 2014)},
title = {{Datenschutzrechtliche Rahmenbedingungen f{\{}{\"{u}}{\}}r die Datenerhebung durch {\{}AAL-Infrastruktur{\}} bei der Pflege}},
year = {2014}
}
@incollection{Schwarz2020,
author = {Schwarz, Robert and Schwarz, Robert},
booktitle = {Kommentierte Gesetzessammlung Sachkunde nach {\S} 34a und Gepr{\"{u}}fte Schutz- und Sicherheitskraft},
doi = {10.1007/978-3-658-30373-0_5},
title = {{B{\"{u}}rgerliches Gesetzbuch (BGB)}},
year = {2020}
}
@misc{Weiss2020,
author = {Weiss, Eva-Maria},
booktitle = {heise.de},
title = {{Bundeswehr setzt kuenftig auf Matrix als Messenger}},
url = {https://www.heise.de/newsticker/meldung/Bundeswehr-setzt-kuenftig-auf-Matrix-als-Messenger-4719474.html},
year = {2020}
}
@misc{Whatsapp.com2020,
author = {Whatsapp.com},
title = {whatsapp.com},
url = {https://www.whatsapp.com},
year = {2020}
}

@Inproceedings{Ancuti,
  Title                    = {Enhancing underwater images and videos by fusion},
  Author                   = {Ancuti, C. and Ancuti, C.O. and Haber, T. and Bekaert, P.},
  Booktitle                = {IEEE Conference on Computer Vision and Pattern Recognition (CVPR)},
  Year                     = {2012},
  Doi                      = {10.1109/CVPR.2012.6247661},
  Pages                    = {81-88},

  Abstract                 = {This paper describes a novel strategy to enhance underwater videos and images. Built on the fusion principles, our strategy derives the inputs and the weight measures only from the degraded version of the image. In order to overcome the limitations of the underwater medium we define two inputs that represent color corrected and contrast enhanced versions of the original underwater image/frame, but also four weight maps that aim to increase the visibility of the distant objects degraded due to the medium scattering and absorption. Our strategy is a single image approach that does not require specialized hardware or knowledge about the underwater conditions or scene structure. Our fusion framework also supports temporal coherence between adjacent frames by performing an effective edge preserving noise reduction strategy. The enhanced images and videos are characterized by reduced noise level, better exposed-ness of the dark regions, improved global contrast while the finest details and edges are enhanced significantly. In addition, the utility of our enhancing technique is proved for several challenging applications.},
  Bdsk-url-1               = {http://dx.doi.org/10.1109/CVPR.2012.6247661},
  ISSN                     = {1063-6919},
  Keywords                 = {image colour analysis;image denoising;image enhancement;image fusion;light absorption;light scattering;video signal processing;adjacent frames;color corrected version;contrast enhanced version;distant objects degradation;edge preserving noise reduction strategy;enhancing technique;fusion framework;fusion principles;global contrast;image fusion;medium absorption;medium scattering;reduced noise level;single image approach;temporal coherence;underwater conditions;underwater image enhancement;underwater scene structure;underwater videos enhancement;weight maps;Image color analysis;Image edge detection;Image restoration;Laplace equations;Lighting;Noise;Videos}
}

@Misc{Umlauttest,
  Title                    = {Umlaute: Äöüß},

  Author                   = {äöüß€},
  HowPublished             = {nur ein Test},

  Date-modified            = {2015-01-14 22:02:12 +0100}
}

@Thesis{Boettger:Diplomarbeit,
  Title                    = {Cloud Computing richtig gemacht: Ein Vorgehensmodell zur Auswahl von SaaS-Anwendungen: Am Beispiel eines hybriden Cloud-Ansatzes für Vertriebssoftware in KMU},
  Author                   = {Böttger, Markus},
  Institution              = {Universität Stuttgart},
  Type                     = {Diplomarbeit},
  Year                     = {2012},

  Edition                  = {1. Auflage},
  ISBN                     = {978-384-28281-7-9},
  Keywords                 = {Cloud computing. Hybrider Betrieb. On-Premise Software},
  Publisher                = {Diplomica Verlag GmbH}
}

@Article{Carvalho:PJ:2012-1,
  Title                    = {Documenting ITIL processes with LaTeX (Portuguese)},
  Author                   = {Rayans Carvalho and Francisco Reinaldo},
  Year                     = {2012},
  Number                   = {1},
  Url                      = {http://tug.org/pracjourn/2012-1/rayans},

  Bdsk-url-1               = {http://tug.org/pracjourn/2012-1/rayans},
  Journal                  = {The Prac\TeX\ Journal}
}

@Online{langeURL,
  Title                    = {Lange URL als Herausforderung für den Zeilenumbruch},
  Author                   = {Google},
  Url                      = {http://www.google.de/search?q=biblatex+umbruch+url&hl=de&gbv=2&oq=biblatex+umbruch+url&gs_l=heirloom-serp.12...0.0.0.6831.0.0.0.0.0.0.0.0..0.0.msedr...0...1ac..34.heirloom-serp..0.0.0.5959BWSvzu0},
  Year                     = {o.J.}
}

@Manual{biblatex:manual,
  Title                    = {The Biblatex Package},
  Author                   = {Philipp Lehman},
  Year                     = {2014},
  Edition                  = {Version 2.9a},
  Organization             = {CTAN.org},
  Url                      = {http://ctan.org/pkg/biblatex},

  Bdsk-url-1               = {http://ctan.org/pkg/biblatex},
  Owner                    = {tobiasstraub},
  Timestamp                = {2015.01.09}
}

@Inbook{Mann,
  Title                    = {Beyond Systematic Innovation},
  Author                   = {Mann, D.},
  Editor                   = {Jöstingmeier, B. and Boeddrich, H.-J.},
  Pages                    = {45--61},
  Publisher                = {DUV},
  Year                     = {2005},

  Address                  = {Wiesbaden},

  Booktitle                = {Cross-Cultural Innovation},
  Owner                    = {tobiasstraub},
  Timestamp                = {2015.01.04}
}

@Report{mayer:PA1,
  Title                    = {Automatisierung von Zellformatierungen in Excel},
  Author                   = {Lieschen Mayer},
  Institution              = {DHBW Stuttgart},
  Type                     = {1. Projektarbeit},
  Year                     = {2015},
  Subtitle                 = {Entwicklung eines Prototypen mit VBA},

  Owner                    = {tobiasstraub},
  Timestamp                = {2015.01.28}
}

@Report{mayerLukas:PA1,
  Title                    = {Unternehmenskommunikation mittels RFC822},
  Author                   = {Lukas Mayer},
  Institution              = {DHBW Stuttgart},
  Type                     = {1. Projektarbeit},
  Year                     = {2015}
}

@Manual{Win8,
  Title                    = {Produkthandbuch für Windows 8 und Windows RT},
  Author                   = {Microsoft},
  Year                     = {2012},
  Edition                  = {Version 1.0},

  Bdsk-url-1               = {https://www.microsoft.com/de-de/download/details.aspx?id=35406},
  Owner                    = {tobiasstraub},
  Timestamp                = {2015.01.05}
}


@Book{MitZweiAutoren,
  Title                    = {Test},
  Author                   = {Max Müller and Mayer, Lieschen},
  Year                     = {2013}
}

@Book{MitDreiAutoren,
  Title                    = {Test},
  Author                   = {Max Muller and Mayer, Laura and Schulze, Werner},
  Year                     = {2013},

  Owner                    = {tobiasstraub},
  Timestamp                = {2015.01.04}
}

@Book{OhneAutorenOhneJahr,
  Title                    = {UnbekannterAutor, unbekannterTitel},
  Author                   = {o.V.},

  Owner                    = {tobiasstraub},
  Timestamp                = {2015.01.04}
}

@Book{OhneAutorenOhneJahr2,
  Title                    = {UnbekannterAutor, unbekannterTitel die Zweite},
  Author                   = {o.V.},

  Owner                    = {tobiasstraub},
  Timestamp                = {2015.01.04}
}

@Book{OhneAutoren,
  Title                    = {UnbekannterAutor},
  Author                   = {o.V.},
  Year                     = {2016}
}

@Book{Preiss,
  Title                    = {Entwurf und Verarbeitung relationaler Datenbanken},
  Author                   = {Preiß, N.},
  Year                     = {2007},
  Publisher                = {Oldenbourg},

  Address                  = {München/Wien},
  Owner                    = {tobiasstraub},
  Timestamp                = {2015.01.04}
}

@Online{SAP:HANA,
  Title                    = {Real-time Analysis of Complaints for Life Sciences},
  Author                   = {{SAP AG}},
  Url                      = {http://hana.sap.com/abouthana/why-hana/usecases/real-time-analysis-complaints-life-sciences.html},
  Year                     = {o.J.},

  Urldate                  = {2015-01-05},

  Date-modified            = {2015-01-14 22:18:32 +0100},
  Owner                    = {tobiasstraub},
  Timestamp                = {2015.01.05}
}

@Book{Schlosser,
  Title                    = {Wissenschaftliche Arbeiten schreiben mit LATEX: Leitfaden für Einsteiger},
  Author                   = {Schlosser, Joachim},
  Year                     = {2014},
  Edition                  = {5., überarb. Aufl.},
  ISBN                     = {978-3-8266-9486-8},
  Publisher                = {mitp-Verlag},

  Bdsk-url-1               = {http://deposit.d-nb.de/cgi-bin/dokserv?id=4527943&prov=M&dok_var=1&dok_ext=htm}
}

@Book{Staab,
  Title                    = {Logik und Algebra: eine praxisbezogene Einführung für Informatiker und Wirtschaftsinformatiker},
  Author                   = {Staab, Frank},
  Year                     = {2012},
  Edition                  = {2., überarb. Aufl.},
  ISBN                     = {978-3-486-71697-9},
  Pages                    = {148},
  Publisher                = {Oldenbourg},

  Address                  = {München}
}

@Book{BuschlingerStaab,
  Title                    = {{UNIX} für Software-Entwickler - Konzepte, Werkzeuge und Ideen},
  Author                   = {Frank Staab},
  Year                     = {1993},
  ISBN                     = {978-3-519-02290-9},
  Publisher                = {Teubner},

  Bibsource                = {dblp computer science bibliography, http://dblp.org},
  Biburl                   = {http://dblp.uni-trier.de/rec/bib/books/daglib/0069663}
}

@Article{Stoi,
  Title                    = {Management und Controlling von Intangibles},
  Author                   = {Stoi, R.},
  Year                     = {2003},
  Number                   = {1},
  Pages                    = {34--46},
  Volume                   = {4},

  Journal                  = {Studium \& Praxis},
  Owner                    = {tobiasstraub},
  Timestamp                = {2015.01.04}
}

@Article{trautwein2011unternehmensplanspiele,
  Title                    = {Unternehmensplanspiele im industriebetrieblichen Hochschulstudium},
  Author                   = {Trautwein, Christina},
  Year                     = {2011},
  Volume                   = {147},

  Journal                  = {Analyse von Kompetenzerwerb, Motivation und Zufriedenheit am Beispiel des Unternehmensplanspiels TOPSIM--General Management II. Wiesbaden: Gabler}
}

@Article{hitzler2011optimierung,
  Title                    = {Optimierung und Intensivierung des Einsatzes von Planspielen an Hochschulen},
  Author                   = {Trautwein, Friedrich},
  Year                     = {2011},
  Pages                    = {101--125},

  Comment                  = {weitere Autoren: Hitzler, Sebastian and Z{\"u}rn, Birgit and},
  Journal                  = {Planspiele--Qualit{\"a}t und Innovation: Neue Ans{\"a}tze aus Theorie und Praxis, hrsg. von: Hitzler, S}
}

@Article{trautwein2004berufliche,
  Title                    = {Berufliche Handlungskompetenz als Studienziel},
  Author                   = {Trautwein, Friedrich},
  Year                     = {2004},

  Journal                  = {Hohenheim: Verlag Wissenschaft und Praxis}
}

@Inbook{Trautwein:Nokia,
  Title                    = {Nokia kämpft um die Vorherrschaft: Analyse der Mobiltelefonbranche},
  Author                   = {Friedrich Trautwein and Christina Trautwein},
  Editor                   = {R. Dillerup and R. Stoi},
  Pages                    = {81-84},
  Publisher                = {Vahlen Verlag},
  Year                     = {2008},

  Address                  = {München},

  Booktitle                = {Praxis der Unternehmensführung},
  Owner                    = {tobiasstraub},
  Timestamp                = {2015.01.04}
}

@Inproceedings{Trautwein:Erfolgsfaktoren,
  Title                    = {Erfolgsfaktoren beim internationalen Planspieleinsatz},
  Author                   = {Friedrich Trautwein and Christina Trautwein},
  Booktitle                = {17. TOPSIM-Anwendertreffen},
  Editor                   = {{Tata Interactive Systems GmbH}},
  Year                     = {2008},

  Owner                    = {tobiasstraub},
  Timestamp                = {2015.01.04}
}

@Online{wiki:Wirtschaftsinformatik,
  Title                    = {Wirtschaftsinformatik --- Wikipedia{,} Die freie Enzyklopädie},
  Author                   = {Wikipedia},
  Url                      = {http://de.wikipedia.org/w/index.php?title=Wirtschaftsinformatik&oldid=130413078},
  Year                     = {o.J.},

  Urldate                  = {2014-05-14},

  Bdsk-url-1               = {http://de.wikipedia.org/w/index.php?title=Wirtschaftsinformatik&oldid=130413078}
}

@Inbook{Wind,
  Title                    = {Cloud Management mit Open-Source-Plattformen},
  Author                   = {Stefan Wind},
  Editor                   = {Susanne Strahringer},
  Publisher                = {dpunkt.verlag GmbH},
  Year                     = {2012},

  Booktitle                = {Open Source - Konzepte, Risiken, Trends}
}

@Phdthesis{GuttenPlag,
  Title                    = {Verfassung und Verfassungsvertrag : konstitutionelle Entwicklungsstufen in den USA und der EU},
  Author                   = {Karl-Theodor {zu Guttenberg}},
  Institution              = {Universität Bayreuth},
  Year                     = {2009},
  Note                     = {Doktorgrad am 23.2.2011 aberkannt},
  Type                     = {Dissertation},

  Owner                    = {tobiasstraub},
  Timestamp                = {2015.01.09}
}

@Book{keinAutorAberHerausgeber,
  Title                    = {Buch ohne Autor, aber mit Herausgeber},
  Year                     = {2020},
  Editor                   = {Max Meier},
  Location                 = {Bielefeld},
  Publisher                = {Nonsens-Verlag}
}

@Article{Primaerquelle,
  author   = {Originalautor},
  title    = {Originalliteratur, die nicht direkt zitiert wird und auch nicht im Verzeichnis erscheinen soll},
  year     = {2000},
  journal = {Journal of Fake Sciences},
  keywords = {ausblenden},
}

@Book{Sekundaerquelle,
  author = {Sekundärautor},
  title  = {Sekundärliteratur wird tatsächlich ins Verzeichnis aufgenommen},
  year   = {2018},
}

@book{Mayring2002,
abstract = {Qualitative Forschung ist keine beliebig einsetzbare Technik, sondern eine Grundhaltung, ein Denkstil, der immer streng am Gegenstand orientiert ist. Das Buch stellt Bez{\"{u}}ge zum Gegenstandsfeld her und m{\"{o}}chte einer Trennung zwischen Gegenstandsspezialisten und Methodenspezialisten entgegenwirken. Es bietet Unterst{\"{u}}tzung bei der {\"{U}}berpr{\"{u}}fung der Aussagekraft von Projekten und deren Methodik.},
address = {Weinheim, Basel},
author = {Mayring, Philipp},
edition = {6. Auflage},
isbn = {978-3-407-29093-9},
pages = {170},
publisher = {Beltz},
title = {{Einf{\"{u}}hrung in die qualitative Sozialforschung}},
year = {2002}
}
@misc{Endres,
author = {Endres, Cornelia},
booktitle = {Bachelor Print},
title = {{Das Experteninterview – Leitfaden f{\"{u}}r die Bachelorarbeit}},
urldate = {2019-08-09}
}
@article{Bernstein2014,
abstract = {This issue's "Cloud Tidbit" focuses on container technology and how it's emerging as an important part of the cloud computing infrastructure. It looks at Docker, an open source project that automates the faster deployment of Linux applications, and Kubernetes, an open source cluster manager for Docker containers.},
author = {Bernstein, David},
doi = {10.1109/MCC.2014.51},
issn = {23256095},
journal = {IEEE Cloud Computing},
keywords = {cloud,containers,dockers,virtual machines},
number = {3},
pages = {81--84},
publisher = {Published by the IEEE Computer Society},
title = {{Containers and cloud: From LXC to docker to kubernetes}},
volume = {1},
year = {2014}
}
@book{Indrasiri2018,
abstract = {Includes index. "Microservices for the Enterprise covers state-of-the-art techniques around microservices messaging, service development and description, service discovery, governance, and data management technologies and guides you through the microservices design process. Also included is the importance of organizing services as core versus atomic, composite versus integration, and API versus edge, and how such organization helps to eliminate the use of a central ESB and expose services through an API gateway"-- The case for microservices -- Designing microservices -- Inter-service communication -- Developing services -- Data management -- Microservices governance -- Integrating microservices -- Deploying and running microservices -- Service mesh -- APIs, events, and streams -- Microservices security fundamentals -- Securing microservices -- Observability.},
author = {Indrasiri, Kasun and Siriwardena, Prabath},
booktitle = {Microservices for the Enterprise},
doi = {10.1007/978-1-4842-3858-5},
isbn = {9781484238578},
title = {{Microservices for the Enterprise}},
year = {2018}
}
@techreport{Mell2011,
abstract = {The National Institute of Standards and Technology (NIST) developed this document in furtherance of its statutory responsibilities under the Federal Information Security Management Act (FISMA) of 2002, Public Law 107-347. NIST is responsible for developing standards and guidelines, including minimum requirements, for providing adequate information security for all agency operations and assets; but such standards and guidelines shall not apply to national security systems. This guideline is consistent with the requirements of the Office of Management and Budget (OMB) Circular A-130, Section 8b(3), Securing Agency Information Systems, as analyzed in A-130, Appendix IV: Analysis of Key Sections. Supplemental information is provided in A-130, Appendix III. This guideline has been prepared for use by Federal agencies. It may be used by nongovernmental organizations on a voluntary basis and is not subject to copyright, though attribution is desired. Nothing in this document should be taken to contradict standards and guidelines made mandatory and binding on Federal agencies by the Secretary of Commerce under statutory authority, nor should these guidelines be interpreted as altering or superseding the existing authorities of the Secretary of Commerce, Director of the OMB, or any other Federal official.},
author = {Mell, Peter and Grance, Timothy},
booktitle = {National Institute of Standard and Technology},
publisher = {U.S. Department of Commerce},
title = {{The NIST Definition of Cloud Computing - Special Publication 800-145}},
url = {http://faculty.winthrop.edu/domanm/csci411/Handouts/NIST.pdf},
year = {2011}
}


@Comment{jabref-meta: databaseType:biblatex;}
